@book{WikiPearson,
    author = {Anonyme},
    publisher = {Wikipedia},
    title = {{Pearson Hashing, Disponible a : \href{https://en.wikipedia.org/wiki/Pearson\_hashing}{https://en.wikipedia.org/wiki/Pearson\_hashing}}}
}

@book{WikiHachage,
    author = {Anonyme},
    publisher = {Wikipedia},
    title = {{Fonction de Hachage, Disponible a : \href{https://fr.wikipedia.org/wiki/Fonction\_de\_hachage}{https://fr.wikipedia.org/wiki/Fonction\_de\_hachage}}}
}

@book{WikiPseudoAleatoire,
    author = {Anonyme},
    publisher = {Wikipedia},
    title = {{Générateur de nombre pseudo-aléatoire, Disponible a : \href{https://fr.wikipedia.org/wiki/Générateur\_de\_nombres\_pseudo-aléatoires}{https://fr.wikipedia.org/wiki/Générateur\_de\_nombres\_pseudo-aléatoires}}}
}

@book{ArticleMieuxCoder,
    author = {aranud},
    publisher = {Mieux Coder},
    title = {{Explication des RBT avec un exemple de code en java, Disponible a : \href{https://mieuxcoder.com/2008/01/02/rainbow-tables/}{https://mieuxcoder.com/2008/01/02/rainbow-tables/}}}
}

@book{WikiRBT,
    author = {Anonyme},
    publisher = {Wikipedia},
    title = {{Explication des RBT, Disponible a : \href{https://fr.wikipedia.org/wiki/Rainbow_table}{https://fr.wikipedia.org/wiki/Rainbow\_table}}}
}

@book{VisualVM,
    author = {Oracle},
    publisher = {Oracle},
    title = {{Logiciel VisualVM : \href{https://visualvm.github.io/}{https://visualvm.github.io/}}}
}

@book{VMJava,
    author = {Anonyme},
    publisher = {Wikipedia},
    title = {{Wiki sur la JVM : \href{https://fr.wikipedia.org/wiki/Machine\_virtuelle\_Java}{https://fr.wikipedia.org/wiki/Machine\_virtuelle\_Java}}}
}

@book{BuffReader,
    author = {Oracle},
    publisher = {Oracle},
    title = {{Doc sur BufferedReader : \href{https://docs.oracle.com/javase/7/docs/api/java/io/BufferedReader.html}{https://docs.oracle.com/javase/7/docs/api/java/io/BufferedReader.html}}}
}

@book{Runnable,
    author = {Oracle},
    publisher = {Oracle},
    title = {{Doc sur l'interface Runnable : \href{https://docs.oracle.com/javase/7/docs/api/java/lang/Runnable.html}{https://docs.oracle.com/javase/7/docs/api/java/lang/Runnable.html}}}
}

@book{ExeService,
    author = {Oracle},
    publisher = {Oracle},
    title = {{Doc sur l'ExecutorService : \href{https://docs.oracle.com/javase/7/docs/api/java/util/concurrent/ExecutorService.html}{https://docs.oracle.com/javase/7/docs/api/java/util/concurrent/ExecutorService.html}}}
}

@book{WikiMD5,
    author = {Anonyme},
    publisher = {Wikipedia},
    title = {{Wiki sur MD5, Disponible a : \href{https://fr.wikipedia.org/wiki/MD5}{https://fr.wikipedia.org/wiki/MD5}}}
}

@book{WikiMD5,
    author = {Anonyme},
    publisher = {Wikipedia},
    title = {{Wiki sur MD5, Disponible a : \href{https://fr.wikipedia.org/wiki/MD5}{https://fr.wikipedia.org/wiki/MD5}}}
}

@book{WikiSHA3,
    author = {Anonyme},
    publisher = {Wikipedia},
    title = {{Wiki sur SHA3, Disponible a : \href{https://fr.wikipedia.org/wiki/SHA-3}{https://fr.wikipedia.org/wiki/SHA-3}}}
}

@book{AutomatesMarkov,
    author={Alain Schneider},
    publisher={Groupe LEXSI},
    title={{Rainbow Tables probabilistes, Disponible a: \href{https://www.sstic.org/media/SSTIC2011/SSTIC-actes/rainbow\_tables\_probabilistes/SSTIC2011-Article-rainbow\_tables\_probabilistes-schneider.pdf}{https://www.sstic.org/media/SSTIC2011/SSTIC-actes/rainbow\_tables\_probabilistes/SSTIC2011-Article-rainbow\_tables\_probabilistes-schneider.pdf}}}
}

@book{CommonPassword,
    author={danielmiessler},
    publisher={GitHub},
    title={{Seclists/PassWord, Disponible à : \href{https://github.com/danielmiessler/SecLists/tree/master/Passwords}{https://github.com/danielmiessler/SecLists/tree/master/Passwords}}}
    }



